@article{Knuth-Quanta,
  author          = {D'Agostino, Susan},
  journal         = {Quanta Magazine},
  title           = {The Computer Scientist Who Can't Stop Telling Stories},
  year            = {2020},
  url             = {https://www.quantamagazine.org/computer-scientist-donald-knuth-cant-stop-telling-stories-20200416},
  note            = {Retrieved on \href{https://www.quantamagazine.org/computer-scientist-donald-knuth-cant-stop-telling-stories-20200416}{03-Jan-2024}},
}

@unpublished{TeX-draft,
  author = {Knuth, Donald},
  note   = {\href{https://www.saildart.org/TEXDR.AFT%5B1,DEK%5D1}{\texttt{TEXDR.AFT}}},
  title  = {Preliminary preliminary description of {TEX}},
  year   = {1977}
}

@book{Lamport,
    author = {Lamport, Leslie},
    title = {{LaTeX}: A Document Preparation System},
    year = {1989},
    isbn = {020115790X},
    publisher = {Addison-Wesley Longman Publishing Co., Inc.},
    address = {USA}
}

@unpublished{MathJax,
  author = {Consortium, MathJax},
  note   = {\href{https://www.mathjax.org/}{\texttt{mathjax.org}}},
  title  = {Math{J}ax},
  year   = {2024}
}

@unpublished{KaTeX,
  author = {Khan Academy},
  note   = {\href{https://www.katex.org/}{\texttt{katex.org}}},
  title  = {Ka{T}e{X}},
  year   = {2024}
}